@article{venugopal2020vape,
  title={Socioeconomic disparities in vape shop density and proximity to public schools in the conterminous United States, 2018},
  author={Venugopal, P. Dilip and Morse, Aura Lee and Tworek, Cindy and Chang, Hoshing Wan},
  journal={Health Promotion Practice},
  volume={21},
  number={1\_suppl},
  pages={9S--17S},
  year={2020},
  publisher={SAGE Publications},
  doi={10.1177/1524839919887738}
}

@article{bostean2016ecig,
  title={E-cigarette use among students and e-cigarette specialty retailer presence near schools},
  author={Bostean, Georgiana and Crespi, Catherine M. and Vorapharuek, Patsornkarn and McCarthy, William J.},
  journal={Health \& Place},
  volume={42},
  pages={129--136},
  year={2016},
  publisher={Elsevier},
  doi={10.1016/j.healthplace.2016.09.012}
}
